@incollection {Nash2008,
   author = {Nash, Nicholas and Gregg, David},
   affiliation = {Trinity College Department of Computer Science Dublin Ireland},
   title = "{Comparing Integer Data Structures for 32 and 64 Bit Keys}",
   booktitle = {Experimental Algorithms},
   series = {Lecture Notes in Computer Science},
   editor = {McGeoch, Catherine},
   publisher = {Springer Berlin / Heidelberg},
   isbn = {},
   pages = {28-42},
   volume = {5038},
   url = {http://dx.doi.org/10.1007/978-3-540-68552-4_3},
   year = {2008},
}

@article{Heinz2002,
 author = {Heinz, Steffen and Zobel, Justin and Williams, Hugh E.},
 title = "{Burst Tries: a Fast, Efficient Data Structure for String Keys}",
 journal = {ACM Transactions on Information Systems},
 volume = {20},
 number = {2},
 year = {2002},
 issn = {1046-8188},
 pages = {192--223},
 doi = {http://doi.acm.org/10.1145/506309.506312},
 publisher = {ACM},
 address = {New York, NY, USA},
}
@article{askitis2010,
 author = {Askitis, Nikolas and Sinha, Ranjan},
 title = {Engineering scalable, cache and space efficient tries for strings},
 journal = {The VLDB Journal},
 issue_date = {October   2010},
 volume = {19},
 issue = {5},
 month = {October},
 year = {2010},
 issn = {1066-8888},
 pages = {633--660},
 numpages = {28},
 url = {http://dx.doi.org/10.1007/s00778-010-0183-9},
 doi = {http://dx.doi.org/10.1007/s00778-010-0183-9},
 acmid = {1873121},
 publisher = {Springer-Verlag New York, Inc.},
 address = {Secaucus, NJ, USA},
 keywords = {Burst trie, Cache-conscious hash table, Dynamic array, In-memory data structures, Judy trie, Scalable, Space-efficient, Strings},
}
@inproceedings{Badr:2005,
 author = {Badr, G. and Oommen, B. J.},
 title = {On using conditional rotations and randomized heuristics for self-organizing ternary search tries},
 booktitle = {Proceedings of the 43rd annual Southeast regional conference - Volume 1},
 series = {ACM-SE 43},
 year = {2005},
 isbn = {1-59593-059-0},
 location = {Kennesaw, Georgia},
 pages = {109--115},
 numpages = {7},
 url = {http://doi.acm.org/10.1145/1167350.1167389},
 doi = {http://doi.acm.org/10.1145/1167350.1167389},
 acmid = {1167389},
 publisher = {ACM},
 address = {New York, NY, USA},
}
@article{Dorji:2010,
 author = {Dorji, Tshering C. and Atlam, El-sayed and Yata, Susumu and Rokaya, Mahmoud and Fuketa, Masao and Morita, Kazuhiro and Aoe, Jun-ichi},
 title = {New methods for compression of MP double array by compact management of suffixes},
 journal = {Inf. Process. Manage.},
 volume = {46},
 issue = {5},
 month = {September},
 year = {2010},
 issn = {0306-4573},
 pages = {502--513},
 numpages = {12},
 url = {http://dx.doi.org/10.1016/j.ipm.2009.08.004},
 doi = {http://dx.doi.org/10.1016/j.ipm.2009.08.004},
 acmid = {1831918},
 publisher = {Pergamon Press, Inc.},
 address = {Tarrytown, NY, USA},
 keywords = {Data structure, Matrix and list forms, Minimal Prefix double array, Ternary Search Tree, Trie},
}  
@article{wejendorpgrathwohl2010,
  author = {Grathwohl, Bj√∏rn and Wejendorp, Jacob},
  title = {An Implementation of Burst Tries for 64 Bit Integer Keys},
  numpages = {24},
  year = {2010},
}
